@PREAMBLE{{;}}
@PREAMBLE{" quote-prespace"}
@PREAMBLE{{;}}

@PREAMBLE{{;}}
@PREAMBLE{"quote-postspace "}
@PREAMBLE{{;}}

@PREAMBLE{{;}}
@PREAMBLE{"quote-nospace"}
@PREAMBLE{{;}}

@PREAMBLE{{;}}
@PREAMBLE{{ bracket-prespace}}
@PREAMBLE{{;}}

@PREAMBLE{{;}}
@PREAMBLE{{bracket-postspace }}
@PREAMBLE{{;}}

@PREAMBLE{{;}}
@PREAMBLE{{bracket-nospace}}
@PREAMBLE{{;}}