@STRING{premessage = "This is the LaTeX preamble shared by all KWARC *.bib files.  "}