@inproceedings{BreCodJuc:tospsme14,
  author    = {Thilo Breitsprecher and
               Mihai Codescu and
               Constantin Jucovschi and
               Michael Kohlhase and
               Lutz Schr{\"{o}}der and
               Sandro Wartzack},
  title     = {Towards Ontological Support for Principle Solutions in Mechanical
               Engineering},
  year      = {2014},
  pages     = {427--432},
  crossref  = {FOIS14},
  doi       = {10.3233/978-1-61499-438-1-427},
  keywords =  {conference},
  pubs = {mkohlhase,cjucovschi,FormalCAD}}