@misc{Dude19,
    author = "That Dude",
    title = "A Fancy Project",
    year = "2019"
}

@misc{Guy20,
    author = "This Guy",
    title = "An even fancier extension of \cite{Dude19}",
    year = "2020"
}

@misc{Individual18,
    author = "The Other Individual",
    title = "A Stupid Project",
    year = "2018"
}